<record xmlns="http://www.loc.gov/MARC21/slim" xmlns:xsi="http://www.w3.org/2001/XMLSchema-instance" xsi:schemaLocation="http://www.loc.gov/MARC21/slim http://www.loc.gov/standards/marcxml/schema/MARC21slim.xsd"><leader>     nam a22        4500</leader><controlfield tag="001">3233699</controlfield><controlfield tag="003">NNC</controlfield><controlfield tag="006">m        d        </controlfield><controlfield tag="007">cr cn |||m|||a</controlfield><controlfield tag="008">150601s1927    ua c    o     000 0 araod</controlfield><datafield ind1=" " ind2=" " tag="040"><subfield code="a">NNU</subfield><subfield code="b">eng</subfield><subfield code="e">rda</subfield><subfield code="c">NNU</subfield></datafield><datafield ind1=" " ind2=" " tag="043"><subfield code="a">ar-----</subfield></datafield><datafield ind1=" " ind2="4" tag="050"><subfield code="a">DS244</subfield><subfield code="b">.M98</subfield></datafield><datafield ind1="1" ind2=" " tag="100"><subfield code="6">880-01</subfield><subfield code="a">Mus&#803;t&#803;afa&#769;, Muh&#803;ammad Shafi&#772;q.</subfield></datafield><datafield ind1="1" ind2="0" tag="245"><subfield code="6">880-02</subfield><subfield code="a">Fi&#772; qalb Najd wa-al-H&#803;ija&#772;z :</subfield><subfield code="b">silsilat maqa&#772;la&#772;t siya&#772;si&#772;yah, ijtima&#772;&#699;i&#772;yah di&#772;ni&#772;yah tatad&#803;amman h&#803;aqa&#772;&#700;iq wa-musha&#772;hada&#772;t fi&#772; qalb Shibh al-Jazi&#772;rah al-&#699;Arabi&#772;yah lam yusbaq li-rah&#803;h&#803;a&#772;lah tadwi&#772;naha&#772; qabl al-a&#772;n /</subfield><subfield code="c">bi-qalam Muh&#803;ammad Shafi&#772;q Mus&#803;t&#803;afa&#769;.</subfield></datafield><datafield ind1=" " ind2=" " tag="260"><subfield code="6">880-03</subfield><subfield code="a">Mis&#803;r :</subfield><subfield code="b">Maktabat al-Mana&#772;r,</subfield><subfield code="c">1927.</subfield></datafield><datafield ind1=" " ind2=" " tag="300"><subfield code="a">online resource (67 pages) :</subfield><subfield code="b">portrait</subfield></datafield><datafield ind1=" " ind2=" " tag="336"><subfield code="a">text</subfield><subfield code="2">rdacontent</subfield></datafield><datafield ind1=" " ind2=" " tag="337"><subfield code="a">computer</subfield><subfield code="2">rdamedia</subfield></datafield><datafield ind1=" " ind2=" " tag="338"><subfield code="a">online resource</subfield><subfield code="2">rdacarrier</subfield></datafield><datafield ind1=" " ind2=" " tag="500"><subfield code="a">Part of the Arabic Collections Online (ACO) project, contributed by Columbia University Libraries.</subfield></datafield><datafield ind1=" " ind2=" " tag="533"><subfield code="a">Electronic reproduction.</subfield><subfield code="b">New York, N.Y. :</subfield><subfield code="c">New York University,</subfield><subfield code="d">2015.</subfield><subfield code="5">NNU</subfield></datafield><datafield ind1=" " ind2="0" tag="651"><subfield code="a">Arabian Peninsula</subfield><subfield code="x">History.</subfield></datafield><datafield ind1=" " ind2="7" tag="651"><subfield code="a">Arabian Peninsula.</subfield><subfield code="2">fast</subfield><subfield code="0">(OCoLC)fst01240131</subfield></datafield><datafield ind1=" " ind2="7" tag="655"><subfield code="a">History.</subfield><subfield code="2">fast</subfield><subfield code="0">(OCoLC)fst01411628</subfield></datafield><datafield ind1="2" ind2=" " tag="710"><subfield code="a">Columbia University.</subfield><subfield code="b">Libraries.</subfield></datafield><datafield ind1="0" ind2=" " tag="730"><subfield code="a">Arabic Collections Online.</subfield></datafield><datafield ind1="0" ind2="8" tag="776"><subfield code="i">Online version:</subfield><subfield code="a">Mus&#803;t&#803;afa&#769;, Muh&#803;ammad Shafi&#772;q.</subfield><subfield code="t">Fi&#772; qalb Najd wa-al-H&#803;ija&#772;z.</subfield><subfield code="d">Mis&#803;r : Maktabat al-Mana&#772;r, 1927</subfield><subfield code="w">(OCoLC)704480130</subfield></datafield><datafield ind1="0" ind2="8" tag="776"><subfield code="i">Print version:</subfield><subfield code="a">Mus&#803;t&#803;afa&#769;, Muh&#803;ammad Shafi&#772;q.</subfield><subfield code="t">Fi&#772; qalb Najd wa-al-H&#803;ija&#772;z</subfield><subfield code="w">(NNC)3233699</subfield><subfield code="w">(OCoLC)23486151</subfield></datafield><datafield ind1="4" ind2="0" tag="856"><subfield code="u">http://hdl.handle.net/2333.1/6hdr7w42</subfield></datafield><datafield ind1="1" ind2=" " tag="880"><subfield code="6">100-01/r</subfield><subfield code="a">&#1605;&#1589;&#1591;&#1601;&#1609;&#1548; &#1605;&#1581;&#1605;&#1583; &#1588;&#1601;&#1610;&#1602;.</subfield></datafield><datafield ind1="1" ind2="0" tag="880"><subfield code="6">245-02/r</subfield><subfield code="a">&#1601;&#1610; &#1602;&#1604;&#1576; &#1606;&#1580;&#1583; &#1608;&#1575;&#1604;&#1581;&#1580;&#1575;&#1586; :</subfield><subfield code="b">&#1587;&#1604;&#1587;&#1604;&#1577; &#1605;&#1602;&#1575;&#1604;&#1575;&#1578; &#1587;&#1610;&#1575;&#1587;&#1610;&#1577;&#1548; &#1575;&#1580;&#1578;&#1605;&#1575;&#1593;&#1610;&#1577; &#1583;&#1610;&#1606;&#1610;&#1577; &#1578;&#1578;&#1590;&#1605;&#1606; &#1581;&#1602;&#1575;&#1574;&#1602; &#1608;&#1605;&#1588;&#1575;&#1607;&#1583;&#1575;&#1578; &#1601;&#1610; &#1602;&#1604;&#1576; &#1588;&#1576;&#1607; &#1575;&#1604;&#1580;&#1586;&#1610;&#1585;&#1577; &#1575;&#1604;&#1593;&#1585;&#1576;&#1610;&#1577; &#1604;&#1605; &#1610;&#1587;&#1576;&#1602; &#1604;&#1585;&#1581;&#1575;&#1604;&#1577; &#1578;&#1583;&#1608;&#1610;&#1606;&#1607;&#1575; &#1602;&#1576;&#1604; &#1575;&#1604;&#1575;&#1606; /</subfield><subfield code="c">&#1576;&#1602;&#1604;&#1605; &#1605;&#1581;&#1605;&#1583; &#1588;&#1601;&#1610;&#1602; &#1605;&#1589;&#1591;&#1601;&#1609;.</subfield></datafield><datafield ind1=" " ind2=" " tag="880"><subfield code="6">260-03/r</subfield><subfield code="a">&#1605;&#1589;&#1585; :</subfield><subfield code="b">&#1605;&#1603;&#1578;&#1576;&#1577; &#1575;&#1604;&#1605;&#1606;&#1575;&#1585;&#1548;</subfield><subfield code="c">1927.</subfield></datafield><datafield ind1=" " ind2=" " tag="959"><subfield code="a">NNU</subfield><subfield code="b">WEB</subfield><subfield code="c">GENI</subfield><subfield code="t">0</subfield><subfield code="m">Electronic access</subfield><subfield code="s">01</subfield></datafield><datafield ind1=" " ind2=" " tag="999"><subfield code="i">NNC_3233699</subfield><subfield code="o">(OCoLC)ocm23486151</subfield><subfield code="s">columbia_aco000594</subfield><subfield code="e">(ERROR-880)</subfield><subfield code="s">columbia_aco000594</subfield></datafield></record>